@article{sokal,
author = {Sokal, Alan D.},
title = {Transgressing the Boundaries: Toward
a Transformative Hermeneutics of
Quantum Gravity},
journaltitle = {Social Text},
date = 1996,
volume = {46/47},
pages = {217-252},
}
